

@misc{Huenemoerder2010,
  author = {David Huenemoerder},
  title = {TGCat Software Manual},
  howpublished = "\url{http://space.mit.edu/cxc/analysis/tgcat/tgcat_man.pdf}",
  year = {2010}, 
  note = "[Online]"
}


@manual{ChandraMSFC,
author = {Chandra POG},
title = {The Chandra Proposers Observatory Guide},
date = {December, 2018},
year = {2018},
language = {English},
version = {Version 21.0},
organization = {Chandra X-ray Center IPI Teams},
pagetotal = {342},
pubstate = {December, 2018},
}

%---------------------------------------------
@ARTICLE{Huenemoerder2011,
    author = {{Huenemoerder}, D.~P. and {Mitschang}, A. and {Dewey}, D. and 
	{Nowak}, M.~A. and {Schulz}, N.~S. and {Nichols}, J.~S. and 
	{Davis}, J.~E. and {Houck}, J.~C. and {Marshall}, H.~L. and 
	{Noble}, M.~S. and {Morgan}, D. and {Canizares}, C.~R.},
    title = {TGCat: The Chandra Transmission Grating Data Catalog and Archive},
    journal = {The Astronomy Journal},
    keywords = {catalogs, techniques: spectroscopic, X-rays: general},
    year = 2011,
    month = apr,
    volume = 141,
    eid = {129},
    pages = {129},
    doi = {10.1088/0004-6256/141/4/129},
    url = {http://adsabs.harvard.edu/abs/2011AJ....141..129H},
    adsnote = {Provided by the SAO/NASA Astrophysics Data System}
}

%--------------------------------------------
@INPROCEEDINGS{Houck2000,
   author = {{Houck}, J.~C. and {Denicola}, L.~A.},
    title = {ISIS: An Interactive Spectral Interpretation System for High Resolution X-Ray Spectroscopy},
booktitle = {Astronomical Data Analysis Software and Systems IX},
     year = 2000,
   series = {Astronomical Society of the Pacific Conference Series},
   volume = 216,
   editor = {{Manset}, N. and {Veillet}, C. and {Crabtree}, D.},
    pages = {591},
    url = {http://adsabs.harvard.edu/abs/2000ASPC..216..591H},
  adsnote = {Provided by the SAO/NASA Astrophysics Data System}
}

%--------------------------------------------
@article{Marshall2002,
  author={Herman L. Marshall and Claude R. Canizares and Norbert S. Schulz},
  title={The High-Resolution X-Ray Spectrum of SS 433 Using the Chandra HETGS},
  journal={The Astrophysical Journal},
  volume={564},
  number={2},
  pages={941},
  year={2002}
}

%--------------------------------------------
@article{Lopez2006,
	doi = {10.1086/506174},
	year = 2006,
	month = {oct},
	publisher = {{IOP} Publishing},
	volume = {650},
	number = {1},
	pages = {338--349},
	author = {Laura A. Lopez and Herman L. Marshall and Claude R. Canizares and Norbert S. Schulz and Julie F. Kane},
	title = {Determining the Nature of the {SS} 433 Binary from an X-Ray Spectrum during Eclipse},
	journal = {The Astrophysical Journal}
}
%--------------------------------------------------
@article{Marshall2013,
	doi = {10.1088/0004-637x/775/1/75},
	year = 2013,
	month = {sep},
	publisher = {{IOP} Publishing},
	volume = {775},
	number = {1},
	pages = {75},
	author = {Herman L. Marshall and Claude R. Canizares and Todd Hillwig and Amy Mioduszewski and Michael Rupen and Norbert S. Schulz and Michael Nowak and Sebastian Heinz},
	title = {{MULTIWAVELENGTH} {OBSERVATIONS} {OF} {THE} {SS} 433 {JETS}},
	journal = {The Astrophysical Journal}
}
%-----------------------------------------------------
@manual{ArnaudNASA,
author = {Keith Arnaud, Ben Dorman},
title = {An X-Ray Spectral Fitting Package},
date = {Oct 2003},
year = 2003,
language = {English},
version = {Version 11.3.x},
organization = {NASA/GSFC},
pagetotal = {201},
pubstate = {Oct 2003},
}

%---------------------------------------------
@ARTICLE{Kaastra2017,
       author = {Kaastra, J.~S.},
        title = {On the use of C-stat in testing models for X-ray spectra},
      journal = {aap},
     keywords = {instrumentation: spectrographs, methods: data analysis, methods: statistical, X-rays: general, Astrophysics - High Energy Astrophysical Phenomena, Astrophysics - Instrumentation and Methods for Astrophysics},
         year = 2017,
        month = Sep,
       volume = {605},
          eid = {A51},
        pages = {A51},
          doi = {10.1051/0004-6361/201629319},
archivePrefix = {arXiv},
       eprint = {1707.09202},
 primaryClass = {astro-ph.HE},
       adsurl = {https://ui.adsabs.harvard.edu/\#abs/2017A&A...605A..51K},
      adsnote = {Provided by the SAO/NASA Astrophysics Data System}
}

%------------------------------------------
@misc{Siemiginowska09,
  author        = {Aneta Siemiginowska},
  title         = {Statistics in X-ray Data Analysis},
  month         = {July},
  year          = {2009},
  adsnote   ={Harvard-Smithsonian Center for Astrophysics}
}

%---------------------------------------------
@ARTICLE{Gehrels1986,
   author = {Gehrels, N.},
    title = {Confidence limits for small numbers of events in astrophysical data},
  journal = {The Astrophysical Journal},
 keywords = {Astrophysics, Binomial Theorem, Confidence Limits, Data Processing, Poisson Density Functions, Approximation, Tables (Data)},
     year = 1986,
    month = apr,
   volume = 303,
    pages = {336-346},
      doi = {10.1086/164079},
   adsurl = {http://adsabs.harvard.edu/abs/1986ApJ...303..336G},
  adsnote = {Provided by the SAO/NASA Astrophysics Data System}
}

%--------------------------------------------
@ARTICLE{Cash1979,
   author = {Cash, W.},
    title = {Parameter estimation in astronomy through application of the likelihood ratio},
  journal = {The Astrophysical Journal},
 keywords = {Astronomical Models, Data Processing, Parameterization, Statistical Analysis, Confidence Limits, Data Sampling, Galactic Clusters, Normal Density Functions, Photons, X Ray Telescopes},
     year = 1979,
    month = mar,
   volume = 228,
    pages = {939-947},
      doi = {10.1086/156922},
   adsurl = {http://adsabs.harvard.edu/abs/1979ApJ...228..939C},
  adsnote = {Provided by the SAO/NASA Astrophysics Data System}
}

%----------------------------------------
@misc{arnaud2012, 
    author ={Keith Arnaud},
    title = {XSPEC and low count spectra},
      url = {https://go.nasa.gov/2SgQFXT},
  journal = {NASA}, publisher={NASA},
     year = {2012}, 
    month = {Apr}
}

%------------------------------------------
@misc{Ciao2013, 
    author ={CXC},
    title = {rmfimg},
      url = {http://cxc.harvard.edu/ciao/ahelp/rmfimg.html},
     year = {2013}, 
    month = {Dec}
}
%-----------------------------------
@misc{Harbaugh2017, 
    author ={Jennifer Harbaugh},
    title = {Chandra Spacecraft and Instruments},
      url = {https://go.nasa.gov/2GhRr0p},
     year = {2017}, 
    month = {Aug}
}
%-------------------------
@misc{NASA2009, 
    author ={NASA},
    title = {Telescope System: Telescope Schematic Illustrations},
    url = {http://chandra.harvard.edu/resources/illustrations/teleSchem.html},
    year = {2009}, 
    month = {June}
}

%----------------------------------




%------------------------------
@INPROCEEDINGS{CIAO2006,
    author = {{Fruscione}, Antonella and {McDowell}, Jonathan C. and {Allen}, Glenn E. and {Brickhouse}, Nancy S. and {Burke}, Douglas J. and {Davis}, John E. and {Durham}, Nick and {Elvis}, Martin and
         {Galle}, Elizabeth C. and {Harris}, Daniel E. and
         {Huenemoerder}, David P. and {Houck}, John C. and {Ishibashi}, Bish and
         {Karovska}, Margarita and {Nicastro}, Fabrizio and {Noble}, Michael S. and
         {Nowak}, Michael A. and {Primini}, Frank A. and {Siemiginowska}, Aneta and
         {Smith}, Randall K. and {Wise}, Michael},
        title = "{CIAO: Chandra's data analysis system}",
    booktitle = {Society of Photo-Optical Instrumentation Engineers (SPIE) Conference Series},
         year = "2006",
       series = {Society of Photo-Optical Instrumentation Engineers (SPIE) Conference Series},
       volume = {6270},
        month = "Jun",
          eid = {62701V},
        pages = {62701V},
          doi = {10.1117/12.671760},
       adsurl = {https://ui.adsabs.harvard.edu/\#abs/2006SPIE.6270E..1VF},
      adsnote = {Provided by the SAO/NASA Astrophysics Data System}
}
%------------------------------
@article{APED2013,
author = {Foster,Adam R.  and Ji,Li  and Yamaguchi,Hiroya  and Smith,Randall K.  and Brickhouse,Nancy S. },
title = {AtomDB: Atomic data for X-ray astronomy},
journal = {AIP Conference Proceedings},
volume = {1545},
number = {1},
pages = {252-259},
year = {2013},
doi = {10.1063/1.4815861},
URL = {https://aip.scitation.org/doi/abs/10.1063/1.4815861},
eprint = {https://aip.scitation.org/doi/pdf/10.1063/1.4815861}
}
%----------------------------------------

@ARTICLE{Margon1979,
    author = {{Abell}, G.~O. and {Margon}, B.},
    title = "{A kinematic model for SS433}",
    journal = {Nature},
    keywords = {Emission Spectra, Periodic Variations, Radio Sources (Astronomy), Red Shift, Doppler Effect, Helium, Hydrogen, Radial Velocity},
    year = 1979,
    month = jun,
    volume = 279,
    pages = {701-703},
    doi = {10.1038/279701a0},
    adsurl = {http://adsabs.harvard.edu/abs/1979Natur.279..701A},
    adsnote = {Provided by the SAO/NASA Astrophysics Data System}
}

%------------------------------------------

@ARTICLE{Margon1984,
   author = {{Margon}, B.},
    title = "{Observations of SS 433}",
  journal = {araa},
     year = 1984,
   volume = 22,
    pages = {507-536},
      doi = {10.1146/annurev.aa.22.090184.002451},
   adsurl = {http://adsabs.harvard.edu/abs/1984ARA%26A..22..507M},
  adsnote = {Provided by the SAO/NASA Astrophysics Data System}
}
%-------------------------------------------
@ARTICLE{Fabian1979,
    author = {{Fabian}, A.~C. and {Rees}, M.~J.},
    title = "{SS 433 - A double jet in action}",
    journal = {mnras},
    keywords = {Astronomical Spectroscopy, Emission Spectra, Radio Sources (Astronomy), X Ray Sources, Gas Jets, Interstellar Gas, Line Spectra, Quasars, Spectral Bands},
    year = 1979,
    month = apr,
    volume = 187,
    pages = {13P-16P},
    doi = {10.1093/mnras/187.1.13P},
    adsurl = {http://adsabs.harvard.edu/abs/1979MNRAS.187P..13F},
    adsnote = {Provided by the SAO/NASA Astrophysics Data System}
}
%----------------------------------------
@ARTICLE{Crampton1980,
   author = {{Crampton}, D. and {Cowley}, A.~P. and {Hutchings}, J.~B.},
    title = "{The probable binary nature of SS 433}",
  journal = {apjl},
 keywords = {Binary Stars, Emission Spectra, Stellar Spectra, X Ray Sources, H Alpha Line, H Beta Line, H Ii Regions, Radial Velocity, Stellar Luminosity},
     year = 1980,
    month = feb,
   volume = 235,
    pages = {L131-L135},
      doi = {10.1086/183176},
   adsurl = {http://adsabs.harvard.edu/abs/1980ApJ...235L.131C},
  adsnote = {Provided by the SAO/NASA Astrophysics Data System}
}
%-----------------------------------------

%-------------------------------------------
@ARTICLE{Hillwig2004,
   author = {{Hillwig}, T.~C. and {Gies}, D.~R. and {Huang}, W. and {McSwain}, M.~V. and 
	{Stark}, M.~A. and {van der Meer}, A. and {Kaper}, L.},
    title = "{Identification of the Mass Donor Star's Spectrum in SS 433}",
  journal = {apj},
   eprint = {astro-ph/0403634},
 keywords = {Stars: Individual: Henry Draper Number: HD 9233, Stars: Individual: Alphanumeric: SS 433, Stars: Individual: Constellation Name: V1343 Aquilae, Stars: Winds, Outflows, Stars: Supergiants, X-Rays: Binaries},
     year = 2004,
    month = nov,
   volume = 615,
    pages = {422-431},
      doi = {10.1086/423927},
   adsurl = {http://adsabs.harvard.edu/abs/2004ApJ...615..422H},
  adsnote = {Provided by the SAO/NASA Astrophysics Data System}
}
%-----------------------------------------------
@ARTICLE{Cherepashchuk1982,
   author = {{Cherepashchuk}, A.~M. and {Aslanov}, A.~A. and {Kornilov}, V.~G.
	},
    title = "{WBVR photometry of SS 433 - Spectra of the 'normal' star and the  disk}",
  journal = {sovast},
 keywords = {Accretion Disks, Eclipsing Binary Stars, Electrophotometry, Stellar Spectra, Emission Spectra, Interstellar Extinction, Light Curve, Spectrum Analysis, Stellar Spectrophotometry, Stellar Temperature},
     year = 1982,
    month = dec,
   volume = 26,
    pages = {697-702},
   adsurl = {http://adsabs.harvard.edu/abs/1982SvA....26..697C},
  adsnote = {Provided by the SAO/NASA Astrophysics Data System}
}
%---------------------------
@ARTICLE{Hjellming1981,
   author = {{Hjellming}, R.~M. and {Johnston}, K.~J.},
    title = "{An analysis of the proper motions of SS 433 radio jets}",
  journal = {apjl},
 keywords = {Astronomical Models, Binary Stars, Radio Jets (Astronomy), Radio Stars, Stellar Mass Ejection, Stellar Rotation, Antenna Arrays, Radio Astronomy, Stellar Models, Synchrotron Radiation, Variable Stars, Very Long Base Interferometry},
     year = 1981,
    month = jun,
   volume = 246,
    pages = {L141-L145},
      doi = {10.1086/183571},
   adsurl = {http://adsabs.harvard.edu/abs/1981ApJ...246L.141H},
  adsnote = {Provided by the SAO/NASA Astrophysics Data System}
}


%----------------------------------------------------

@book{King2002,
  author    = {{Frank},J. and {King},A.~R  and {Raine}, D.~J}, 
  title     = "{Accretion Power in Astrophysics}",
  publisher = {Cambridge University},
  year      = 2002,
  edition   = 3,
  note      = {},
  isbn      = {0521620538}
}
%------------------------------------------------
@book{Ruffini1975,
  author    = {{Gursky},H. and {Ruffini}, R.}, 
  title     = "{Neutron Stars, Black Holes and Binary X-Ray Sources}",
  publisher = {Springer Netherlands},
  year      = 1975,
  edition   = 1,
  note      = {},
  isbn      = {978-90-277-0541-9}
}

%---------------------------------------------------
@ARTICLE{Pringle1981,
   author = {{Pringle}, J.~E.},
    title = "{Accretion discs in astrophysics}",
  journal = {araa},
     year = 1981,
   volume = 19,
    pages = {137-162},
      doi = {10.1146/annurev.aa.19.090181.001033},
   adsurl = {http://adsabs.harvard.edu/abs/1981ARA%26A..19..137P},
  adsnote = {Provided by the SAO/NASA Astrophysics Data System}
}

%-----------------------------------------------

@ARTICLE{Balbus1998,
   author = {{Balbus}, S.~A. and {Hawley}, J.~F.},
    title = "{Instability, turbulence, and enhanced transport in accretion disks}",
  journal = {Reviews of Modern Physics},
     year = 1998,
    month = {January},
   volume = 70,
    pages = {1-53},
      doi = {10.1103/RevModPhys.70.1},
   adsurl = {http://adsabs.harvard.edu/abs/1998RvMP...70....1B},
  adsnote = {Provided by the SAO/NASA Astrophysics Data System}
}

%----------------------------------------------
@article{Reipurth2001,
author = {Reipurth, Bo and Bally, John},
title = {Herbig-Haro Flows: Probes of Early Stellar Evolution},
journal = {Annual Review of Astronomy and Astrophysics},
volume = {39},
number = {1},
pages = {403-455},
year = {2001},
doi = {10.1146/annurev.astro.39.1.403}
}
%-----------------------------------------------

@article{Miller_2002,
	doi = {10.1086/324396},
	url = {https://doi.org/10.1086\%2F324396},
	year = 2002,
	month = {jan},
	publisher = {{IOP} Publishing},
	volume = {564},
	number = {2},
	pages = {683--687},
	author = {H. L. Marshall and B. P. Miller and D. S. Davis and E. S. Perlman and M. Wise and C. R. Canizares and D. E. Harris},
	title = {A High-Resolution X-Ray Image of the Jet in M87},
	journal = {The Astrophysical Journal}
}

%-------------------------------------------------

@ARTICLE{Stephenoson1977,
    author = {{Stephenson}, C.~B. and {Sanduleak}, N.},
    title = "{New H-alpha emission stars in the Milky Way}",
    journal = {apjs},
    year = 1977,
    month = apr,
    volume = 33,
    pages = {459-469},
    doi = {10.1086/190437}
}


%------------------------------------------
@ARTICLE{Clark1978,
   author = {{Clark}, D.~H. and {Murdin}, P.},
    title = "{An unusual emission-line star/X-ray source/radio star, possibly associated with an SNR}",
    journal = {Nature},
    year = 1978,
    month = nov,
    volume = 276,
    pages = {44},
    doi = {10.1038/276044a0}
}
%--------------------------------------------------
@book{seward_charles_2010, 
    place={Cambridge}, 
    edition={2}, 
    title={Exploring the X-ray Universe}, DOI={10.1017/CBO9780511781513}, 
    publisher={Cambridge University Press}, 
    author={Seward, Frederick D. and Charles, Philip A.}, year={2010}
}
%----------------------------------------------
@ARTICLE{Milgrom1979,
   author = {{Milgrom}, M.},
   title = "{On the interpretation of the large variations in the line positions in SS433}",
   journal = {aap},
   year = 1979,
   month = jun,
   volume = 76,
   pages = {L3-L6},
}
%------------------------------------------------

@ARTICLE{Goranskij2011,
       author = {{Goranskij}, V.},
        title = "{Photometric Mass Estimate for the Compact Component of SS 433: And Yet It Is a Neutron Star}",
        journal = {Peremennye Zvezdy},
        keywords = {Astrophysics - High Energy Astrophysical Phenomena},
        year = "2011",
        month = "Oct",
        volume = {31},
        number = {5},
        pages = {29}
}

%-------------------------------------------------

@ARTICLE{Blundell2004,
    author = {{Blundell}, K.~M. and {Bowler}, M.~G.},
    title = "{Symmetry in the Changing Jets of SS 433 and Its True Distance from Us}",
    journal = {apjl},
    eprint = {astro-ph/0410456},
    year = 2004,
    month = dec,
    volume = 616,
    pages = {L159-L162},
    doi = {10.1086/426542}
}
%---------------------------------------------------
@article{Margon1980,
    ISSN = {00368733, 19467087},
    URL = {http://www.jstor.org/stable/24966434},
    author = {Bruce Margon},
    journal = {Scientific American},
    number = {4},
    pages = {54--65},
    publisher = {Scientific American, a division of Nature America, Inc.},
    title = {The Bizarre Spectrum of SS 433},
    volume = {243},
    year = {1980}
}
%----------------------------------------------------

@ARTICLE{Van_den_heuvel1981,
    author = {{van den Heuvel}, E.~P.~J.},
    title = "{SS 433, X-ray binaries and stellar evolution}",
    journal = {Vistas in Astronomy},
    year = 1981,
    volume = 25,
    pages = {95-108},
    doi = {10.1016/0083-6656(81)90050-7}
}
%-----------------------------------------------------

@ARTICLE{Bowler2018,
   author = {{Bowler}, M.~G.},
    title = "{SS 433: Two robust determinations fix the mass ratio}",
  journal = {aap},
 keywords = {stars: individual: SS 433, binaries: close, circumstellar matter},
     year = 2018,
    month = nov,
   volume = 619,
      eid = {L4},
    pages = {L4},
      doi = {10.1051/0004-6361/201834121},
   adsurl = {http://adsabs.harvard.edu/abs/2018A%26A...619L...4B}
}
%---------------------------------------
@ARTICLE{fabrika2004,
    author = {{Fabrika}, S.},
    title = "{The jets and supercritical accretion disk in SS433}",
    journal = {Astrophysics and Space Physics Reviews},
    keywords = {Astrophysics},
    year = "2004",
    month = "Jan",
    volume = {12},
    pages = {1-152},
}

%----------------------------------------------


@ARTICLE{Watson1986,
   author = {{Watson}, M.~G. and {Stewart}, G.~C. and {Brinkmann}, W. and 
   {King}, A.~R.},
   title = "{Doppler-shifted X-ray line emission from SS433}",
   journal = {mnras},
   year = 1986,
   month = sep,
   volume = 222,
   pages = {261-271}
}

%--------------------------------------

@ARTICLE{porquet2010,
       author = {{Porquet}, D. and {Dubau}, J. and {Grosso}, N.},
       title = "{He-like Ions as Practical Astrophysical Plasma Diagnostics: From Stellar Coronae to Active Galactic Nuclei}",
       journal = {ssr},
       year = "2010",
       month = "Dec",
       volume = {157},
       number = {1-4},
       pages = {103-134}
}

%---------------------------------------------

@misc{Huenemoerder_lec_2011,
    author = {David Huenemoerder and John Davis and John Houck and Mike Nowak},
    title = {Introduction to X-ray Data Analysis},
    month = {July},
    year = {2011},
    url = {http://cxc.cfa.harvard.edu/xrayschool/talks/intro\_xray\_analysis.pdf}
}

%-------------------------------------------

@ARTICLE{Grimm2009,
    author = {{Grimm}, H.-J. and {McDowell}, J. and {Fabbiano}, G. and {Elvis}, M.
	},
    title = "{An X-Ray Photometry System. I. Chandra ACIS}",
    journal = {apj},
    archivePrefix = "arXiv",
    eprint = {0808.3718},
    year = 2009,
    month = jan,
    volume = 690,
    pages = {128-142},
    doi = {10.1088/0004-637X/690/1/128},
   adsurl = {http://adsabs.harvard.edu/abs/2009ApJ...690..128G},
  adsnote = {Provided by the SAO/NASA Astrophysics Data System}
}
%-----------------------------------------------
@misc{Davis2008,
    author = {John E. Davis},
    title = {Pile-up Modeling},
    month = {October},
    year = {2008},
    url = {http://www.jedsoft.org/fun/slxfig/pileup2008.pdf}
}
%---------------------------------------------

@INPROCEEDINGS{Doe2009,
    author = {{Doe}, S. and {Siemiginowska}, A.~L. and {Refsdal}, B.~L. and 
	{Evans}, I.~N. and {Anderson}, C.~S. and {Bonaventura}, N.~R. and 
	{Chen}, J.~C. and {Davis}, J.~E. and {Evans}, J.~D. and {Fabbiano}, G. and 
	{Galle}, E. and {Gibbs}, D.~G. and {Glotfelty}, K.~J. and {Grier}, J.~D. and 
	{Hain}, R. and {Hall}, D.~M. and {Harbo}, P.~N. and {He}, X. and 
	{Houck}, J.~C. and {Karovska}, M. and {Lauer}, J. and {McCollough}, M.~L. and 
	{McDowell}, J.~C. and {Miller}, J.~B. and {Mitschang}, A.~W. and 
	{Morgan}, D.~L. and {Nichols}, J.~S. and {Nowak}, M.~A. and 
	{Plummer}, D.~A. and {Primini}, F.~A. and {Rots}, A.~H. and 
	{Sundheim}, B.~A. and {Tibbetts}, M.~S. and {Van Stone}, D.~W. and 
	{Winkelman}, S.~L. and {Zografou}, P.},
    title = "{The Chandra Source Catalog: Spectral Properties}",
    booktitle = {American Astronomical Society Meeting Abstracts \#213},
    year = 2009,
    series = {Bulletin of the American Astronomical Society},
    volume = 41,
    month = jan,
    eid = {472.04},
    pages = {424},
    adsurl = {http://adsabs.harvard.edu/abs/2009AAS...21347204D},
    adsnote = {Provided by the SAO/NASA Astrophysics Data System}
}

%------------------------------------------

@ARTICLE{Lampton1976,
    author = {{Lampton}, M. and {Margon}, B. and {Bowyer}, S.},
    title = "{Parameter estimation in X-ray  astronomy}",
    journal = {apj},
    year = 1976,
    month = aug,
    volume = 208,
    pages = {177-190},
    doi = {10.1086/154592},
    adsurl = {http://adsabs.harvard.edu/abs/1976ApJ...208..177L},
    adsnote = {Provided by the SAO/NASA Astrophysics Data System}
}

%---------------------------
@MISC{Arnaud1999,
   author = {{Arnaud}, K. and {Dorman}, B. and {Gordon}, C.},
   title = "{XSPEC: An X-ray spectral fitting package}",
   howpublished = {Astrophysics Source Code Library},
   year = 1999,
   month = oct
}
%------------------------------------------------

@book{thompson2001,
  title={X-ray Data Booklet},
  author={Thompson, A.C.},
  url={https://books.google.com/books?id=WV05HAAACAAJ},
  year={2001},
  publisher={Lawrence Berkeley National Laboratory, University of California}
}

%------------------------------------------------------

@ARTICLE{Namiki2003,
       author = {{Namiki}, Masaaki and {Kawai}, Nobuyuki and {Kotani}, Taro and
         {Makishima}, Kazuo},
        title = "{Evidence for Jet Collimation in SS 433 with the Chandra HETGS}",
      journal = {pasj},
     keywords = {jets, stars: binaries: general, stars: individual (SS 433), X-rays: individual (SS 433), X-rays: spectra, Astrophysics},
         year = "2003",
        month = "Feb",
       volume = {55},
        pages = {281-288},
          doi = {10.1093/pasj/55.1.281},
archivePrefix = {arXiv},
       eprint = {astro-ph/0304114},
 primaryClass = {astro-ph},
       adsurl = {https://ui.adsabs.harvard.edu/abs/2003PASJ...55..281N},
      adsnote = {Provided by the SAO/NASA Astrophysics Data System}
}
%---------------------------------------------
@ARTICLE{Dubner1998,
   author = {{Dubner}, G.~M. and {Holdaway}, M. and {Goss}, W.~M. and {Mirabel}, I.~F.},
    title = "{A High-Resolution Radio Study of the W50-SS 433 System and the Surrounding Medium}",
  journal = {aj},
     year = 1998,
    month = oct,
   volume = 116,
    pages = {1842-1855},
      doi = {10.1086/300537},
   adsurl = {http://adsabs.harvard.edu/abs/1998AJ....116.1842D},
  adsnote = {Provided by the SAO/NASA Astrophysics Data System}
}

%---------------------------------------------

@book{smith2001,
   author = {{Smith}, R.~K. and {Brickhouse}, N.~S. and {Liedahl}, D.~A. and {Raymond}, J.~C.},
    title = "{Standard Formats for Atomic Data: the APED}",
    booktitle = {Spectroscopic Challenges of Photoionized Plasmas},
    year = 2001,
   series = {Astronomical Society of the Pacific Conference Series},
   volume = 247,
   editor = {{Ferland}, G. and {Savin}, D.~W.},
    pages = {161},
   adsurl = {http://adsabs.harvard.edu/abs/2001ASPC..247..161S}
}


%------------------------------------------------
@article{Canizares2000,
	doi = {10.1086/312823},
	url = {https://doi.org/10.10862F312823},
	year = 2000,
	month = {aug},
	publisher = {{IOP} Publishing},
	volume = {539},
	number = {1},
	pages = {L41--L44},
	author = {C. R. Canizares and D. P. Huenemoerder and D. S. Davis and D. Dewey and K. A. Flanagan and J. Houck and T. H. Markert and H. L. Marshall and M. L. Schattenburg and N. S. Schulz and M. Wise and J. J. Drake and N. S. Brickhouse},
	title = {High-Resolution X-Ray Spectra of Capella: Initial Results from the [{ITAL}]Chandra[/{ITAL}] High-Energy Transmission Grating Spectrometer},
	journal = {The Astrophysical Journal}
}
%---------------------------------------------------
@ARTICLE{Brinkman2000,
  author = {{Brinkman}, A.~C. and {Gunsing}, C.~J.~T. and {Kaastra}, J.~S. and 
	{van der Meer}, R.~L.~J. and {Mewe}, R. and {Paerels}, F. and 
	{Raassen}, A.~J.~J. and {van Rooijen}, J.~J. and {Br{\"a}uninger}, H. and 
	{Burkert}, W. and {Burwitz}, V. and {Hartner}, G. and {Predehl}, P. and 
	{Ness}, J.-U. and {Schmitt}, J.~H.~M.~M. and {Drake}, J.~J. and 
	{Johnson}, O. and {Juda}, M. and {Kashyap}, V. and {Murray}, S.~S. and 
	{Pease}, D. and {Ratzlaff}, P. and {Wargelin}, B.~J.},
    title = "{First Light Measurements of Capella with the Low-Energy Transmission Grating Spectrometer aboard the Chandra X-Ray Observatory}",
  journal = {apjl},
  eprint = {astro-ph/0001034},
     year = 2000,
    month = feb,
  volume = 530,
    pages = {L111-L114},
      doi = {10.1086/312504},
  adsurl = {http://cdsads.u-strasbg.fr/abs/2000ApJ...530L.111B},
  adsnote = {Provided by the SAO/NASA Astrophysics Data System}
}
%-----------------------------------------------

@misc{canizares2003, 
    title={AXAF News}, url={http://cxc.harvard.edu/newsletters/news\02/issue2.html}, 
    journal={AXAF News, Issue 2}, author={Canizares, Claude}, 
    year={2003}, 
    month={May}
} 
