@misc{Harbaugh2017, 
    author ={Jennifer Harbaugh},
    title = {Chandra Spacecraft and Instruments},
    url = {https://go.nasa.gov/2GhRr0p},
    year = {2017}, 
    month = {Aug}
}


@article{maitra2018,
	title = {What is where? Using Eclipses to probe physical conditions along the jet in SS433},
	author = {Dipankar Maitra and Herman Marshall and Mike Nowak and Norbert Schulz},
	year = {2018},
	keywords = {binaries, X-rays, eclipse},

}
@INPROCEEDINGS{Houck2000,
    author = {{Houck}, J.~C. and {Denicola}, L.~A.},
    title = "{}",
    booktitle = {Astronomical Data Analysis Software and Systems IX},
     year = 2000,
    series = {Astronomical Society of the Pacific Conference Series},
    volume = 216,
    editor = {{Manset}, N. and {Veillet}, C. and {Crabtree}, D.},
    pages = {591},
    adsurl = {http://adsabs.harvard.edu/abs/2000ASPC..216..591H},
    adsnote = {Provided by the SAO/NASA Astrophysics Data System}
}


@INPROCEEDINGS{Arnaud1996,
   author = {{Arnaud}, K.~A.},
    title = "{XSPEC: The First Ten Years}",
    booktitle = {Astronomical Data Analysis Software and Systems V},
    year = 1996,
    series = {Astronomical Society of the Pacific Conference Series},
    volume = 101,
    editor = {{Jacoby}, G.~H. and {Barnes}, J.},
    pages = {17},
    adsurl = {http://adsabs.harvard.edu/abs/1996ASPC..101...17A},
    adsnote = {Provided by the SAO/NASA Astrophysics Data System}
}

@ARTICLE{Cash1979,
       author = {{Cash}, W.},
        title = "{Parameter estimation in astronomy through application of the likelihood ratio.}",
      journal = {APJ},
         year = "1979",
        month = "Mar",
        volume = {228},
        pages = {939-947},
          doi = {10.1086/156922},
       adsurl = {https://ui.adsabs.harvard.edu/\#abs/1979ApJ...228..939C},
      adsnote = {Provided by the SAO/NASA Astrophysics Data System}
}

@article {Migliari1673,
	author = {Migliari, Simone and Fender, Rob and M{\'e}ndez, Mariano},
	title = {Iron Emission Lines from Extended X-ray Jets in SS 433: Reheating of Atomic Nuclei},
	volume = {297},
	number = {5587},
	pages = {1673--1676},
	year = {2002},
	journal = {Science}
}

%-------------------------------------------
@article{Marshall2002,
  author={Herman L. Marshall and Claude R. Canizares and Norbert S. Schulz},
  title={The High-Resolution X-Ray Spectrum of SS 433 Using the Chandra HETGS},
  journal={The Astrophysical Journal},
  volume={564},
  number={2},
  pages={941},
  year={2002}
}

%---------------------------------------


@article{Bowler2018,
	author = {{Bowler}, M.~G.},
	title = {SS 433: Two robust determinations fix the mass ratio},
	DOI= "10.1051/0004-6361/201834121",
	url= "https://doi.org/10.1051/0004-6361/201834121",
	journal = {A\&A},
	year = 2018,
	volume = 619,
	pages = "L4",
}
%-----------------------------------

@manual{ChandraMSFC,
author = {Chandra POG},
title = {The Chandra Proposers Observatory Guide},
date = {December, 2018},
year = {2018},
language = {English},
version = {Version 21.0},
organization = {Chandra X-ray Center IPI Teams},
pagetotal = {342},
pubstate = {December, 2018},
}

%-------------------------------------
@article{Marshall2013,
	doi = {10.1088/0004-637x/775/1/75},
	year = 2013,
	month = {sep},
	publisher = {{IOP} Publishing},
	volume = {775},
	number = {1},
	pages = {75},
	author = {Herman L. Marshall and Claude R. Canizares and Todd Hillwig and Amy Mioduszewski and Michael Rupen and Norbert S. Schulz and Michael Nowak and Sebastian Heinz},
	title = {{MULTIWAVELENGTH} {OBSERVATIONS} {OF} {THE} {SS} 433 {JETS}},
	journal = {The Astrophysical Journal}
}


